% This file was created with JabRef 2.6.
% Encoding: Cp1252

@inproceedings{pohl2013focused,
  title={Focused and casual interactions: allowing users to vary their level of engagement},
  author={Pohl, Henning and Murray-Smith, Roderick},
  booktitle={Proceedings of the SIGCHI Conference on Human Factors in Computing Systems},
  pages={2223--2232},
  year={2013},
  organization={ACM}
}

@article{chaudhary2013intelligent,
  title={Intelligent approaches to interact with machines using hand gesture recognition in natural way: a survey},
  author={Chaudhary, Ankit and Raheja, Jagdish Lal and Das, Karen and Raheja, Sonia},
  journal={arXiv preprint arXiv:1303.2292},
  year={2013}
}

@incollection{nesselrath2011gesture,
  title={A Gesture Based System for Context--Sensitive Interaction with Smart Homes},
  author={Ne{\ss}elrath, Robert and Lu, Chensheng and Schulz, Christian H and Frey, Jochen and Alexandersson, Jan},
  booktitle={Ambient Assisted Living},
  pages={209--219},
  year={2011},
  publisher={Springer}
}

@article{bhuiyan2011gesture,
  title={A gesture controlled user interface for inclusive design and evaluative study of its usability},
  author={Bhuiyan, Moniruzzaman and Picking, Rich and others},
  journal={Journal of software engineering and applications},
  volume={4},
  number={09},
  pages={513},
  year={2011},
  publisher={Scientific Research Publishing}
}

@inproceedings{choi2012can,
  title={Can user-derived gesture be considered as the best gesture for a command?: Focusing on the commands for smart home system},
  author={Choi, Eunjung and Kwon, Sunghyuk and Lee, Donghun and Lee, Hojin and Chung, Min K},
  booktitle={Proceedings of the Human Factors and Ergonomics Society Annual Meeting},
  volume={56},
  number={1},
  pages={1253--1257},
  year={2012},
  organization={SAGE Publications}
}

@article{koskela2004evolution,
  title={Evolution towards smart home environments: empirical evaluation of three user interfaces},
  author={Koskela, Tiiu and V{\"a}{\"a}n{\"a}nen-Vainio-Mattila, Kaisa},
  journal={Personal and Ubiquitous Computing},
  volume={8},
  number={3-4},
  pages={234--240},
  year={2004},
  publisher={Springer}
}

@inproceedings{pirhonen2002gestural,
  title={Gestural and audio metaphors as a means of control for mobile devices},
  author={Pirhonen, Antti and Brewster, Stephen and Holguin, Christopher},
  booktitle={Proceedings of the SIGCHI conference on Human factors in computing systems},
  pages={291--298},
  year={2002},
  organization={ACM}
}

@inproceedings{ng2011gesture,
  title={Gesture based automating household appliances},
  author={Ng, Wei Lun and Ng, Chee Kyun and Noordin, Nor Kamariah and Ali, Borhanuddin Mohd},
  booktitle={International Conference on Human-Computer Interaction},
  pages={285--293},
  year={2011},
  organization={Springer}
}

@inproceedings{bhuiyan2009gesture,
  title={Gesture-controlled user interfaces, what have we done and whatâ€™s next},
  author={Bhuiyan, Moniruzzaman and Picking, Rich},
  booktitle={Proceedings of the Fifth Collaborative Research Symposium on Security, E-Learning, Internet and Networking (SEIN 2009), Darmstadt, Germany},
  pages={25--29},
  year={2009}
}

@article{kuhnel2011m,
  title={I'm home: Defining and evaluating a gesture set for smart-home control},
  author={K{\"u}hnel, Christine and Westermann, Tilo and Hemmert, Fabian and Kratz, Sven and M{\"u}ller, Alexander and M{\"o}ller, Sebastian},
  journal={International Journal of Human-Computer Studies},
  volume={69},
  number={11},
  pages={693--704},
  year={2011},
  publisher={Elsevier}
}

@inproceedings{bailly2012shoesense,
  title={ShoeSense: a new perspective on gestural interaction and wearable applications},
  author={Bailly, Gilles and M{\"u}ller, J{\"o}rg and Rohs, Michael and Wigdor, Daniel and Kratz, Sven},
  booktitle={Proceedings of the SIGCHI Conference on Human Factors in Computing Systems},
  pages={1239--1248},
  year={2012},
  organization={ACM}
}

@incollection{aldrich2003smart,
  title={Smart homes: past, present and future},
  author={Aldrich, Frances K},
  booktitle={Inside the smart home},
  pages={17--39},
  year={2003},
  publisher={Springer}
}

@inproceedings{vatavu2012user,
  title={User-defined gestures for free-hand TV control},
  author={Vatavu, Radu-Daniel},
  booktitle={Proceedings of the 10th European conference on Interactive tv and video},
  pages={45--48},
  year={2012},
  organization={ACM}
}

@article{liu2009uwave,
  title={uWave: Accelerometer-based personalized gesture recognition and its applications},
  author={Liu, Jiayang and Zhong, Lin and Wickramasuriya, Jehan and Vasudevan, Venu},
  journal={Pervasive and Mobile Computing},
  volume={5},
  number={6},
  pages={657--675},
  year={2009},
  publisher={Elsevier}
}

